@Misc{blenderSushi, 
 author = {Jimmy Gunawan},
 title = {{OSL / Shader Writing}},
 howpublished = {\url{https://blendersushi.blogspot.co.uk/2013/08/osl-shader-writing-journey-to-unknown.html}},  
 note = {Accessed 12 December 2017}, 
 year = {2013}
}

@Book{rmansg,
 title = {The RenderMan Shading Language Guide},
 publisher = {Cengage Learning},
 year = {2007},
author = {Rudy Cortes},
isbn = {978-1-59-863659-8}
}

@Misc{ianscode, 
 author = {Ian Stephenson},
 title = {wood.osl},
 howpublished = {\url{http://www.dctsystems.co.uk/files/Rendering/RenderMan21.zip}},  
 note = {/OSL/26.noise/wood.osl}, 
 year = {2017}
}

@Book{iansbook,
 title = {Essential RenderMan},
 publisher = {Springer Science and Business Media},
 year = {2007},
author = {Ian Stephenson},
isbn = {978-1-84-628344-4}
}

@Misc{rmanwikigp, 
 author = {{RenderMan Support}},
 title = {Geometric Primitives},
 howpublished = {\url{https://renderman.pixar.com/resources/RenderMan_20/geometricPrimitives.html#patches}},  
 note = {Accessed 12 December 2017}, 
 year = {2017}
}

@Misc{rmanwikilmg, 
 author = {{RenderMan Support}},
 title = {PxrLMGlass},
 howpublished = {\url{https://renderman.pixar.com/resources/RenderMan_20/PxrLMGlass.html}},  
 note = {Accessed 12 December 2017}, 
 year = {2017}
}

@Book{osldoc,
 title = {Open Shading Language 1.9 Language Specification},
 publisher = {Sony Pictures Imageworks Inc., et al},
 year = {2017},
author = {Larry Gritz}
}
